<record><leader>01749cam a2200409 i 4500</leader><controlfield tag="001">6808192</controlfield><controlfield tag="003">OCoLC</controlfield><controlfield tag="005">20150203141456.0</controlfield><controlfield tag="008">140811s2015    caua     b    001 0 eng  </controlfield><datafield ind1=" " ind2=" " tag="010"><subfield code="a">  2014030007</subfield></datafield><datafield ind1=" " ind2=" " tag="020"><subfield code="a">9781118954775</subfield><subfield code="q">cloth</subfield></datafield><datafield ind1=" " ind2=" " tag="020"><subfield code="a">1118954777</subfield><subfield code="q">cloth</subfield></datafield><datafield ind1=" " ind2=" " tag="020"><subfield code="z">9781118954812</subfield><subfield code="q">pdf</subfield></datafield><datafield ind1=" " ind2=" " tag="020"><subfield code="z">9781118954829</subfield><subfield code="q">epub</subfield></datafield><datafield ind1=" " ind2=" " tag="035"><subfield code="a">ocn886880598</subfield></datafield><datafield ind1=" " ind2=" " tag="040"><subfield code="a">DLC</subfield><subfield code="e">rda</subfield><subfield code="b">eng</subfield><subfield code="c">DLC</subfield><subfield code="d">YDX</subfield><subfield code="d">YDXCP</subfield><subfield code="d">OCLCO</subfield><subfield code="d">EEK</subfield><subfield code="d">CDX</subfield><subfield code="d">UAB</subfield><subfield code="d">AEU</subfield></datafield><datafield ind1=" " ind2=" " tag="042"><subfield code="a">pcc</subfield></datafield><datafield ind1="0" ind2="0" tag="050"><subfield code="a">HF5415.5</subfield><subfield code="b">.P68 2015</subfield></datafield><datafield ind1="0" ind2="0" tag="082"><subfield code="a">658.8/12</subfield><subfield code="2">23</subfield></datafield><datafield ind1=" " ind2=" " tag="090"><subfield code="a">HF 5415.5 P75 2015</subfield><subfield code="b">AEU</subfield></datafield><datafield ind1="1" ind2=" " tag="100"><subfield code="a">Price, Bill,</subfield><subfield code="d">1950-</subfield><subfield code="e">author.</subfield></datafield><datafield ind1="1" ind2="0" tag="245"><subfield code="a">Your customer rules! :</subfield><subfield code="b">delivering the Me2B experiences that today's customers demand /</subfield><subfield code="c">Bill Price, David Jaffe.</subfield></datafield><datafield ind1=" " ind2=" " tag="250"><subfield code="a">First edition.</subfield></datafield><datafield ind1=" " ind2="1" tag="264"><subfield code="a">San Francisco, CA :</subfield><subfield code="b">Jossey-Bass, a Wiley brand,</subfield><subfield code="c">[2015]</subfield></datafield><datafield ind1=" " ind2=" " tag="300"><subfield code="a">xi, 251 pages :</subfield><subfield code="b">illustrations ;</subfield><subfield code="c">24 cm</subfield></datafield><datafield ind1=" " ind2=" " tag="336"><subfield code="a">text</subfield><subfield code="b">txt</subfield><subfield code="2">rdacontent</subfield></datafield><datafield ind1=" " ind2=" " tag="337"><subfield code="a">unmediated</subfield><subfield code="b">n</subfield><subfield code="2">rdamedia</subfield></datafield><datafield ind1=" " ind2=" " tag="338"><subfield code="a">volume</subfield><subfield code="b">nc</subfield><subfield code="2">rdacarrier</subfield></datafield><datafield ind1=" " ind2=" " tag="504"><subfield code="a">Includes bibliographical references and index.</subfield></datafield><datafield ind1="0" ind2=" " tag="505"><subfield code="a">From B2C to Me2B -- You know me, you remember me -- You give me choices -- You make it easy for me -- You value me -- You trust me -- You surprise me with stuff I can't imagine -- You help me be better and do more -- What drives Me2B leaders -- The foundations of Me2B leaders -- The foundations of Me2B success -- Don't wait to act.</subfield></datafield><datafield ind1=" " ind2=" " tag="596"><subfield code="a">16</subfield></datafield><datafield ind1=" " ind2="0" tag="650"><subfield code="a">Customer relations.</subfield></datafield><datafield ind1=" " ind2="0" tag="650"><subfield code="a">Customer services.</subfield></datafield><datafield ind1=" " ind2="0" tag="650"><subfield code="a">Consumer satisfaction.</subfield></datafield><datafield ind1="1" ind2=" " tag="700"><subfield code="a">Jaffe, David,</subfield><subfield code="d">1963-</subfield><subfield code="e">author.</subfield></datafield><datafield ind1=" " ind2=" " tag="949"><subfield code="a">HF 5415.5 P75 2015</subfield><subfield code="h">UAAU-B</subfield><subfield code="i">0162035240249</subfield></datafield><datafield ind1=" " ind2=" " tag="926"><subfield code="a">HF 5415.5 P75 2015</subfield><subfield code="w">LC</subfield><subfield code="c">1</subfield><subfield code="i">0162034578979</subfield><subfield code="l">ON_SHELF</subfield><subfield code="m">UAAUG</subfield><subfield code="p">$150.00</subfield><subfield code="r">Y</subfield><subfield code="s">Y</subfield><subfield code="t">BOOK</subfield><subfield code="u">2/19/2015</subfield></datafield></record>